---
---
@book{Chromey2010,
	author = {Chromey, Frederick R.},
	title = {{To Measure the Sky: An Introduction to Observational Astronomy}},
	year = {2010},
	isbn = {978-0-52174768-4},
	publisher = {Cambridge University Press},
	address = {Cambridge, England, UK},
}

